@Article{1,
author = {Василенко И.В., Ведякова А.О.},
title = {Исследование алгоритмов траекторного управления роботом манипулятором},
journaltitle = {Современные информационные технологии и ИТ-образование},
date = {2022},
OPTurl = {https://cyberleninka.ru/article/n/issledovanie-algoritmov-traektornogo-upravleniya-robotom-manipulyatorom}
}

@Article{2,
author = {Павлов А.С.},
title = {Методика планирования траектории движения группы мобильных роботов в неизвестной замкнутой среде с препятствиями},
journaltitle = {Системы управления, связи и безопасности},
date = {2021},
OPTurl = {https://cyberleninka.ru/article/n/metodika-planirovaniya-traektorii-dvizheniya-gruppy-mobilnyh-robotov-v-neizvestnoy-zamknutoy-srede-s-prepyatstviyami}
}

@Article{3,
author = {Хоанг Дык Тхинь, Пыркин А.А.},
title = {Траекторное управление мобильным роботом в условиях неопределенности},
journaltitle = {Известия высших учебных заведений. Приборостроение},
date = {2021},
OPTurl = {https://cyberleninka.ru/article/n/traektornoe-upravlenie-mobilnym-robotom-v-usloviyah-neopredelennosti}
}

@Article{4,
author = {Урваев И.Н.},
title = {Навигация мобильного робота на основе методов лазерной дальнометрии},
journaltitle = {Измерение. Мониторинг. Управление. Контроль},
date = {2021},
OPTurl = {https://cyberleninka.ru/article/n/navigatsiya-mobilnogo-robota-na-osnove-metodov-lazernoy-dalnometrii}
}

@Article{5,
author = {Королёва Т.А., Дорофеева Е.С.},
title = {Силомоментное очувствление электромеханического манипулятора},
journaltitle = {Актуальные проблемы авиации и космонавтики},
date = {2018},
OPTurl = {https://cyberleninka.ru/article/n/silomomentnoe-ochuvstvlenie-elektromehanicheskogo-manipulyatora}
}

@Article{6,
author = {Фомин И.С., Орлова С.Р., Бахшиев А.В.},
title = {Исследование нейронных сетей для обнаружения объектов в задаче управления автономным транспортным средством},
journaltitle = {Материалы XII мультиконференции по проблемам управления (МКПУ-2019)},
date = {2019},
OPTurl = {https://elibrary.ru/item.asp?id=41445887}
}
